% This is a sample BibTeX bibliography file,
%  showing articles, theses, proceedings, books
%  and collections being cited

@BOOK{zobel:97,
  AUTHOR =       "Justin Zobel",
  TITLE =        "Writing for Computer Science",
  PUBLISHER =    "Springer-Verlag",
  YEAR =         "1997",
}

@BOOK{griffiths:97,
  AUTHOR =       "David F. Griffiths and Desmond J. Higham",
  TITLE =        "Learning {\LaTeX}",
  PUBLISHER =    "SIAM",
  YEAR =         "1997",
  address =      "Philadephia",
}

@book{knuth:84,
  author ="Donald E. Knuth",
  title = "The \TeX book",
  publisher = "Addison-Wesley",
  year = 1984,
  address = "Reading, Mass.",
}

@book{lamport:94,
  author = "Leslie Lamport",
  title = "\LaTeX : A Document Preparation System (2nd Edition)",
  publisher = "Addison-Wesley",
  year = 1994,
  address = "Reading, Mass.",
}

@article{fritsch:redjournal:95,
  author =        "D. Fritsch and E. Chaney and A. Boxwala and M. 
                   McAuliffe and S. Raghavan and A. Thall and J. Earnhart",
  title =         "Core-based portal image registration for automatic 
                   radiotherapy treatment verification",
  journal =       "International Journal of Radiation, Oncology, Biology, 
                  Physics; special issue on Conformal Therapy",
  type =          "article",
  pages =         "1287--1300",
  volume =        "5",
  number =        "33",
  year =          "1995",
}

@phdthesis{furst99,
year = "1999",
TYPE = "Ph. {D.} {T}hesis",
title = "Height Ridges of Oriented Medialness",
author = "Jacob Furst",
school = "University of North Carolina, Dept. of Computer Science",
key = "furst99",
}

@Book{Grzeszczuk98,
  author =       "Robert Grzeszczuk and Chris Henn and Roni Yagel",
  title =        "Advanced Geometric Techniques for Ray Casting Volumes",
  month =        jul,
  publisher =    "SIGGRAPH 98 Course Notes \#4, ACM",
  year =         "1998",
}

@Book{Lipschutz:69,
  author =       "M. Lipschutz",
  title =        "Differential Geometry",
  series =       "Shaum's Outline Series",
  address =      "New York",
  publisher =    "McGraw-Hill",
  year =         "1969",
}

@InCollection{blum67,
  author =       "H. Blum",
  title =        "A transformation for extracting new descriptors of
                 shape",
  booktitle =    "Models for the Perception of Speech and Visual Forms",
  editor =       "W. Wathen-Dunn",
  publisher =    "MIT Press",
  year =         "1967",
  address =      "Amsterdam",
  pages =        "362--380",
  annote =       "imagery",
}
@InBook{Plato:360BC,
  author  =      "Plato",
  title =        "The Republic",
  year =         "360 B.C.",
  volume =       "VII",
  address =      "Athens, Greece",
}

@TechReport{damon:95,
  author = "James N. Damon",
  title = "Properties of ridges and cores for two-dimensional images",
  institution = "Department of Mathematics, University of North Carolina 
                at Chapel Hill",
  year = "1995",
}

@TechReport{Burbeck94a,
  author =       "C. A. Burbeck and S. M. Pizer and B. S. Morse and D. 
                  Ariely and G. S. Zauberman and J. Rolland",

  title =        "Linking object boundaries at scale:  a common mechanism 
                  for size and shape judgements",
  institution =  "Department of Computer Science, University of North
                 Carolina - Chapel Hill",
  number =       "TR94-041",
  year =         "1994",
  note =          "Available online at \url{ftp://ftp.cs.unc.edu/pub/publications/techreports/94-041.ps.Z} (accessed 12 February 2006).",
}
